
@article{ramo2018,
title = {A data mining approach for global burned area mapping},
journal = {International Journal of Applied Earth Observation and Geoinformation},
volume = {73},
pages = {39-51},
year = {2018},
issn = {1569-8432},
doi = {https://doi.org/10.1016/j.jag.2018.05.027},
url = {https://www.sciencedirect.com/science/article/pii/S0303243418303702},
author = {Rubén Ramo and Mariano García and Daniel Rodríguez and Emilio Chuvieco},
keywords = {Data mining, Burned area, MODIS, Remote sensing, Random forest, SVM, Neural Net, C5.0},
journal = {International Journal of Applied Earth Observation and Geoinformation},
abstract = {Global burned are algorithms provide valuable information for climate modellers since fire disturbance is responsible of a significant part of the emissions and their related impact on humans. The aim of this work is to explore how four different classification algorithms, widely used in remote sensing, such as Random Forest (RF), Support Vector Machine (SVM), Neural Networks (NN) and a well-known decision tree algorithm (C5.0), for classifying burned areas at global scale through a data mining methodology using 2008 MODIS data. A training database consisting of burned and unburned pixels was created from 130 Landsat scenes. The resulting database was highly unbalanced with the burned class representing less than one percent of the total. Therefore, the ability of the algorithms to cope with this problem was evaluated. Attribute selection was performed using three filters to remove potential noise and to reduce the dimensionality of the data: Random Forest, entropy-based filter, and logistic regression. Eight out of fifty-two attributes were selected, most of them related to the temporal difference of the reflectance of the bands. Models were trained using an 80% of the database following a ten-fold approach to reduce possible overfitting and to select the optimum parameters. Finally, the performance of the algorithms was evaluated over six different regions using official statistics where they were available and benchmark burned area products, namely MCD45 (V5.1) and MCD64 (V6). Compared to official statistics, the best agreement was obtained by MCD64 (OE = 0.15, CE = 0.29) followed by RF (OE = 0.27, CE = 0.21). For the remaining three areas (Angola, Sudan and South Africa), RF (OE = 0.47, CE = 0.45) yielded the best results when compared to the reference data. NN and SVM showed the worst performance with omission and commission error reaching 0.81 and 0.17 respectively. SVM and NN showed higher sensitivity to unbalanced datasets, as in the case of burned area, with a clear bias towards the majority class. On the other hand, tree based algorithms are more robust to this issue given their own mechanisms to deal with big and unbalanced databases.}
}

@article{gomez2015Wildfire,
  TITLE = {{Wildfire risk for main vegetation units in a biodiversity hotspot: modeling approach in New Caledonia, South Pacific}},
  AUTHOR = {Gomez, C. and Mangeas, M. and Curt, T. and Ibanez, Thomas and Munzinger, J{\'e}r{\^o}me and Dumas, P. and Jeremy, A. and Despinoy, M. and Hely, Christelle},
  URL = {https://hal.science/hal-01250688},
  NOTE = {[Departement\_IRSTEA]Territoires [TR1\_IRSTEA]SEDYVIN <br/>[Departement\_IRSTEA]Territoires [TR1\_IRSTEA]SEDYVIN},
  JOURNAL = {{Ecology and Evolution}},
  HAL_LOCAL_REFERENCE = {PUB00045883},
  HAL_LOCAL_REFERENCE = {SYSTE},
  PUBLISHER = {{Wiley Open Access}},
  VOLUME = {5},
  NUMBER = {2},
  PAGES = {377-390},
  YEAR = {2015},
  DOI = {10.1002/ece3.1317},
  KEYWORDS = {New Caledonia ; FIRE BEHAVIOUR ; Fire impact ; Burn probability ; Biodiversity loss ; FIRE ECOLOGY ; FIRE RISK ; FOREST FIRE ; MODELLING ; BIODIVERSITY ; Wildfire risk assessment ; Spatially explicit modeling ; New Caledonia ; FLAMMAP ; COMPORTEMENT DU FEU ; RISQUE D'INCENDIE ; ECOLOGIE DU FEU ; BIODIVERSITE ; MODELISATION ; INCENDIE DE FORET ; COMPORTEMENT DU FEU},
  PDF = {https://hal.science/hal-01250688/file/ax2015-pub00045883.pdf},
  HAL_ID = {hal-01250688},
  HAL_VERSION = {v1},
}



@booklet{maisonNC2016biodiversite,
  title={La biodiversité de la Nouvelle-Calédonie},
  author={{Maison de la Nouvelle-Calédonie}},
  year={2016},
  address={Nouméa, Nouvelle-Calédonie},
  url={https://www.mncparis.fr/uploads/biodiversite-02-2020_1.pdf},
  note={Directeur de la publication: Joël Viratelle, Directeur de la Maison de la Nouvelle-Calédonie à Paris. Éditeurs scientifiques: Jérôme Munzinger, botaniste; Hervé Jourdan, entomologiste, Centre IRD de Nouméa. Coordination éditoriale: Horizon Pacifique. Conception graphique: atalante-paris.fr. Imprimé en France},
  institution={Institut de recherche pour le développement},
  editor={Jérôme Munzinger and Hervé Jourdan}
}

@article{cherrier1981niaouli,
  title={Le Niaouli en Nouvelle-Calédonie (Melaleuca quinquenervia S.T. Blake)},
  author={Cherrier, J.F.},
  journal={Revue forestière française},
  volume={33},
  number={4},
  pages={297--311},
  year={1981},
  doi={10.4267/2042/21516},
  url={https://hal.archives-ouvertes.fr/hal-03397244}
}

@article{Korísteková,
author = {Korísteková, Katarína and Vido, Jaroslav and Vida, Tomáš and Vyskot, Ilja and Mikloš, Michal and Mindas, Jozef and Jaroslav, Skvarenina},
year = {2020},
month = {05},
pages = {},
title = {Evaluating the amount of potential greenhouse gas emissions from forest fires in the area of the Slovak Paradise National Park},
volume = {75},
journal = {Biologia},
doi = {10.2478/s11756-020-00461-7},
url={https://link.springer.com/article/10.2478/s11756-020-00461-7}
}

@book{langhammer2011identification,
  title={Identification et analyse des lacunes des Zones clés de la biodiversité : Cibles pour des systèmes complets des aires protégées},
  author={Langhammer, Penny F. and Bakarr, Mohamed I. and Bennun, Leon A. and Brooks, Thomas M. and Clay, Rob P. and Darwall, Will and De Silva, Naamal and Edgar, Graham J. and Eken, Güven and Fishpool, Lincoln D.C. and Fonseca, Gustavo A.B. da and Foster, Matthew N. and Knox, David H. and Matiku, Paul and Radford, Elizabeth A. and Rodrigues, Ana S.L. and Salaman, Paul and Sechrest, Wes and Tordoff, Andrew W.},
  year={2011},
  publisher={UICN},
  address={Gland, Suisse},
  pages={xiii + 128},
  isbn={978-2-8317-1357-1},
  note={Traduction: Jacqueline d’Huart, Conservation Consultancy Services SPRL. Photos couverture: Robin Moore, Russell A. Mittermeier, Don Church, Olivier Langrand, Anca Sârbu. Mise en page: Bookcraft Ltd, Stroud, Royaume-Uni. Produit par: Service des publications de l’UICN. Imprimé par: SRO-Kundig, Genève, Suisse. Disponible auprès de: UICN, Service des publications, Rue Mauverney 28, 1196 Gland, Suisse. Tél +41 22 999 0000, Fax +41 22 999 0020, books@iucn.org, www.iucn.org/publications. Droits d’auteur: © 2011 Union internationale pour la conservation de la nature et de ses ressources. La reproduction de cette publication à des fins non commerciales est permise sans autorisation écrite préalable du détenteur des droits d’auteur à condition que la source soit dûment citée. La reproduction de cette publication à des fins commerciales est interdite sans autorisation écrite préalable du détenteur des droits d’auteur.},
  url={https://portals.iucn.org/library/sites/library/files/documents/PAG-015-Fr.pdf}
}



@Article{pysal2007,
  author={Rey, Sergio J. and Anselin, Luc},
  title={{PySAL: A Python Library of Spatial Analytical Methods}},
  journal={The Review of Regional Studies},
  year=2007,
  volume={37},
  number={1},
  pages={5-27},
  keywords={Open Source; Software; Spatial}
}